<?xml version="1.0" encoding="UTF-8"?><collection xmlns="http://www.loc.gov/MARC21/slim"><record><leader>00583nam--2200181-u-4500</leader><controlfield tag="001">000053190</controlfield><controlfield tag="002">20161230</controlfield><controlfield tag="005">20161230201051</controlfield><controlfield tag="008">110112s1000------------r-----000-0-eng-d</controlfield><datafield ind1=" " ind2=" " tag="040"><subfield code="a">IFIN-HH</subfield></datafield><datafield ind1=" " ind2=" " tag="080"><subfield code="a">539.17.02(043.2)</subfield></datafield><datafield ind1="1" ind2=" " tag="100"><subfield code="a">Mihailescu, Liviu-cristian</subfield></datafield><datafield ind1="1" ind2="0" tag="245"><subfield code="a">NEUTRON (N, XNgamma) CROSS-SECTION MEASUTEMENTS FOR 52CR, 209BI AND 206,207,208PB FROM THRESHOLD UP TO 20 MEV</subfield><subfield code="b">Teza</subfield><subfield code="c">Liviu-cristian mihailescu</subfield></datafield><datafield ind1=" " ind2=" " tag="260"><subfield code="a">Bucuresti</subfield><subfield code="b">Ifa</subfield><subfield code="c">2006</subfield></datafield><datafield ind1=" " ind2=" " tag="300"><subfield code="a">218P</subfield></datafield><datafield ind1=" " ind2=" " tag="502"><subfield code="a">Promotor: Prof. Dr. D. Bucurescu</subfield></datafield><datafield ind1=" " ind2=" " tag="852"><subfield code="a">81758</subfield><subfield code="c">539.17</subfield></datafield><datafield ind1=" " ind2=" " tag="CAT"><subfield code="a">Sys</subfield><subfield code="c">20110112</subfield><subfield code="h">114441</subfield></datafield></record></collection>